<record><leader>00000cas a22000007a 4500</leader><controlfield tag="001">11749648</controlfield><controlfield tag="008">850228d18231828nyuwr ne      0    0eng d</controlfield><datafield ind1=" " ind2=" " tag="010"><subfield code="a">sn 85054264 </subfield></datafield><datafield ind1=" " ind2=" " tag="040"><subfield code="a">NYG</subfield><subfield code="b">eng</subfield><subfield code="c">NYG</subfield><subfield code="d">DLC</subfield><subfield code="d">NPX</subfield><subfield code="d">NYS</subfield><subfield code="d">OCL</subfield><subfield code="d">OCLCQ</subfield><subfield code="d">OCLCF</subfield><subfield code="d">OCLCO</subfield></datafield><datafield ind1="1" ind2=" " tag="029"><subfield code="a">AU@</subfield><subfield code="b">000020126628</subfield></datafield><datafield ind1=" " ind2=" " tag="042"><subfield code="a">msc</subfield></datafield><datafield ind1=" " ind2=" " tag="043"><subfield code="a">n-us-ny</subfield></datafield><datafield ind1="0" ind2="0" tag="050"><subfield code="a">Newspaper 8829-X</subfield></datafield><datafield ind1="0" ind2=" " tag="130"><subfield code="a">Ontario freeman (Canandaigua, N.Y. : 1823)</subfield></datafield><datafield ind1="1" ind2="0" tag="245"><subfield code="a">Ontario freeman.</subfield></datafield><datafield ind1=" " ind2=" " tag="260"><subfield code="a">Canandaigua, N.Y. :</subfield><subfield code="b">Stevens &amp; Barnum</subfield></datafield><datafield ind1=" " ind2=" " tag="300"><subfield code="a">v. :</subfield><subfield code="b">ill. (chiefly adv.) ;</subfield><subfield code="c">52-54 cm.</subfield></datafield><datafield ind1=" " ind2=" " tag="310"><subfield code="a">Weekly</subfield></datafield><datafield ind1="1" ind2=" " tag="362"><subfield code="a">Began in 1823; ceased in Mar. 1828.</subfield></datafield><datafield ind1=" " ind2=" " tag="500"><subfield code="a">Editors: Stevens &amp; Barnum, 1823-&lt;1824&gt;.</subfield></datafield><datafield ind1=" " ind2=" " tag="588"><subfield code="a">Description based on: Vol. 1, no. 5 (Apr. 15, 1823).</subfield></datafield><datafield ind1=" " ind2="0" tag="651"><subfield code="a">Canandaigua (N.Y.)</subfield><subfield code="v">Newspapers.</subfield></datafield><datafield ind1=" " ind2="7" tag="655"><subfield code="a">Newspapers.</subfield><subfield code="2">fast</subfield><subfield code="0">(OCoLC)fst01423814</subfield></datafield><datafield ind1=" " ind2="7" tag="651"><subfield code="a">New York (State)</subfield><subfield code="z">Canandaigua.</subfield><subfield code="2">fast</subfield><subfield code="0">(OCoLC)fst01212782</subfield></datafield><datafield ind1=" " ind2=" " tag="752"><subfield code="a">United States</subfield><subfield code="b">New York</subfield><subfield code="c">Ontario</subfield><subfield code="d">Canandaigua.</subfield></datafield><datafield ind1="0" ind2="0" tag="785"><subfield code="t">Ontario phoenix</subfield><subfield code="w">(DLC)sn 84031006</subfield></datafield></record>